<collection xmlns="http://www.loc.gov/MARC21/slim">
<record>
  <leader>00935nam0a2200217 i 450 </leader>
  <controlfield tag="001">IT\ICCU\CNCE\058475</controlfield>
  <controlfield tag="005">20130321000000.0</controlfield>
  <datafield tag="012" ind1=" " ind2=" ">
    <subfield code="a">riaa a,c- o-i, dit- (C) 1593 (Q)</subfield>
    <subfield code="2">fei</subfield>
  </datafield>
  <datafield tag="100" ind1=" " ind2=" ">
    <subfield code="a">20040605f1593        0itac0103    ba</subfield>
  </datafield>
  <datafield tag="101" ind1=" " ind2=" ">
    <subfield code="a">ITA</subfield>
  </datafield>
  <datafield tag="102" ind1=" " ind2=" ">
    <subfield code="a">IT</subfield>
  </datafield>
  <datafield tag="200" ind1="1" ind2=" ">
    <subfield code="a">Parti prese nell&apos;illustriss. Conseglio di Diece. In proposito de vagabondi, &amp; forestieri, che seruono per braui. L&apos;anno 1593.  ̉di 5. di marzo</subfield>
  </datafield>
  <datafield tag="210" ind1=" " ind2=" ">
    <subfield code="a">In Venetia</subfield>
    <subfield code="d">&amp; ristampato in Verona per Sebastiano</subfield>
    <subfield code="d">&amp; Francesco fratelli dalle Donne</subfield>
    <subfield code="d">\1593?!</subfield>
  </datafield>
  <datafield tag="215" ind1=" " ind2=" ">
    <subfield code="a">\2! c.</subfield>
    <subfield code="d">4ʻ</subfield>
  </datafield>
  <datafield tag="620" ind1=" " ind2=" ">
    <subfield code="a">IT</subfield>
    <subfield code="d">Verona</subfield>
  </datafield>
  <datafield tag="710" ind1="0" ind2="2">
    <subfield code="a">Venezia</subfield>
    <subfield code="c"> &lt;Repubblica&gt;</subfield>
    <subfield code="3">9491</subfield>
  </datafield>
  <datafield tag="712" ind1="0" ind2="2">
    <subfield code="a">Venezia</subfield>
    <subfield code="c"> &lt;Repubblica&gt;</subfield>
    <subfield code="b"> : Consiglio dei Dieci</subfield>
    <subfield code="3">IT\ICCU\CNCA\009105</subfield>
  </datafield>
  <datafield tag="712" ind1="0" ind2="0">
    <subfield code="a">Dalle_Donne, Sebastiano &amp; Dalle_Donne, Francesco</subfield>
    <subfield code="3">IT\ICCU\CNCT\001937</subfield>
    <subfield code="4">650</subfield>
  </datafield>
  <datafield tag="801" ind1=" " ind2="3">
    <subfield code="a">IT</subfield>
    <subfield code="b">ICCU</subfield>
    <subfield code="c">20201115</subfield>
  </datafield>
  <datafield tag="899" ind1=" " ind2=" ">
    <subfield code="a">Biblioteca universitaria. Cagliari</subfield>
    <subfield code="1">CA0194</subfield>
    <subfield code="2">CAG UC</subfield>
  </datafield>
  <datafield tag="899" ind1=" " ind2=" ">
    <subfield code="a">Biblioteca civica. Verona</subfield>
    <subfield code="1">VR0059</subfield>
    <subfield code="2">ZVR 02</subfield>
  </datafield>
</record>
</collection>
